@article{keefer2022demand,
  title={Demand-side determinants of public spending allocations: Voter trust, risk and time preferences},
  author={Keefer, Philip and Scartascini, Carlos and Vlaicu, Razvan},
  journal={Journal of Public Economics},
  volume={206},
  pages={104579},
  year={2022},
  publisher={Elsevier}
}